<?xml version="1.0" encoding="UTF-8"?><collection xmlns="http://www.loc.gov/MARC21/slim"><record><leader>00421nam--2200121-i-4500</leader><controlfield tag="001">000004367</controlfield><controlfield tag="002">20161230</controlfield><controlfield tag="005">20161230201025</controlfield><controlfield tag="008">060222s1000------------r-----000-0-eng-d</controlfield><datafield ind1=" " ind2=" " tag="245"><subfield code="a">Clasificarea zecimala pentru biblioteci, servi cii de documentare si fisiere individuale de s tudii, + tabelele de autori + tabela prescurtata ..</subfield></datafield><datafield ind1=" " ind2=" " tag="260"><subfield code="a">Bucuresti, Edit.C.G.M., 1952</subfield></datafield><datafield ind1=" " ind2=" " tag="490"><subfield code="a">185 P. 219 P. + 35 P. (Index)</subfield></datafield><datafield ind1=" " ind2=" " tag="852"><subfield code="a">02</subfield></datafield></record></collection>